{1:F01ABCDNLJA2XXX0833510237}{2:O9400325050701BBBBNOKKBXXX12706189060507010325N}{4:
:20:1234567890
:25:0987654321
:28C:21/1
:60F:C150904EUR79778343,29
:61:1904260423C125000,NTRF2213//Vendor Payment
:86:/EREF/8872B1/KREP/INV229183/MODE/MOBL/BENM/Joe/REMI/Doe
invoice ZC11293/
:61:1904270423C125000,NTRF123//Vendor Payment2
:86:/EREF/8872B1/KREP/INV229183/MODE/MOBL/BENM/Joe/REMI/Doe
invoice AAAAAA/
:61:1904280423C125000,NTRF321//Vendor Payment3
:86:/EREF/8872B1/KREP/INV229183/MODE/MOBL/BENM/Joe/REMI/Doe
invoice ABCDC/
:61:1904290423C125000,NTRF2253//Vendor Payment4
:86:/EREF/8872B1/KREP/INV229183/MODE/MOBL/BENM/Joe/REMI/Doe
invoice ZZZZZZ/
:61:1904300423C125000,NTRF12345//Vendor Payment5
:86:/EREF/8872B1/KREP/INV229183/MODE/MOBL/BENM/Joe/REMI/Doe
invoice ZXCVB3/
:61:1905010423C125000,NTRF09876//Vendor Payment6
:86:/EREF/8872B1/KREP/INV229183/MODE/MOBL/BENM/Joe/REMI/Doe
invoice ASDFG/
:61:1905020423C125000,NTRF123445//Vendor Payment7
:86:/EREF/8872B1/KREP/INV229183/MODE/MOBL/BENM/Joe/REMI/Doe
invoice QWERT3/
:62F:C190429EUR12283841,00
:64:C190429EUR12231241,00
-}