{1:F01ZZZZZZZZYYY8888889999}{2:O9400325050701BBBBBBBBTBBB99996189060507010325N}{4:
:20:123456789
:25:4567890123
:28C:11/1
:60F:C150904USD79778343,29
:61:1904260423C125000NTRF2213/Vendor Payment1
:86:/EREF/8888B1/KREP/INV2213/MODE/MOBL/BENM/Sample/REMI/Payment
invoice CCCCCCCCC/
:61:1904260423C125000NTRF123/Vendor Payment2
:86:/EREF/8888B1/KREP/INV123/MODE/MOBL/BENM/Sample/REMI/Payment
invoice AAAAAAAAA/
:61:1904260423C125000NTRF321/Vendor Payment3
:86:/EREF/8888B1/KREP/INV321/MODE/MOBL/BENM/Sample/REMI/Payment
invoice ABCDEFGHI/
:61:1904260423C125000NTRF2253/Vendor Payment4
:86:/EREF/8888B1/KREP/INV2253/MODE/MOBL/BENM/Sample/REMI/Payment
invoice ZZZZZZZZZ/
:61:1904260423C125000NTRF12345/Vendor Payment5
:86:/EREF/8888B1/KREP/INV12345/MODE/MOBL/BENM/Sample/REMI/Payment
invoice KKKKKKKKK/
:61:1904260423C125000NTRF567890/Vendor Payment6
:86:/EREF/8888B1/KREP/INV567890/MODE/MOBL/BENM/Sample/REMI/Payment
invoice XXXXXXXXX/
:61:1904260423C125000NTRF123456/Vendor Payment7
:86:/EREF/8888B1/KREP/INV123456/MODE/MOBL/BENM/Sample/REMI/Payment
invoice QWERTYUIO/
:62F:C190429USD12283841,00
:64:C190429USD12231241,00
-}